<?xml version="1.0" encoding="UTF-8"?><collection xmlns="http://www.loc.gov/MARC21/slim"><record><leader>00454nam--2200121-i-4500</leader><controlfield tag="001">000042713</controlfield><controlfield tag="002">20161230</controlfield><controlfield tag="005">20161230201043</controlfield><controlfield tag="008">060222s1000------------r-----000-0-eng-d</controlfield><datafield ind1=" " ind2=" " tag="080"><subfield code="a">662.982/.983.002.5(094)</subfield></datafield><datafield ind1=" " ind2=" " tag="245"><subfield code="a">Prescriptii tehnice privind proiectarea si executia instalatiilor de automatizare pt.arzatoarele cu functionare independenta, de combustibil lichid si de gaze combustibile. c 39-76</subfield></datafield><datafield ind1=" " ind2=" " tag="260"><subfield code="a">Bucuresti, Ed.Tehnica, 1977, 11p</subfield></datafield><datafield ind1=" " ind2=" " tag="852"><subfield code="a">54</subfield></datafield></record></collection>